<?xml version="1.0" encoding="UTF-8"?><record xmlns="http://www.loc.gov/MARC21/slim" xmlns:cinclude="http://apache.org/cocoon/include/1.0" xmlns:zs="http://www.loc.gov/zing/srw/">
  <leader>01117cz  a2200253n  4500</leader>
  <controlfield tag="001">no 91026096 </controlfield>
  <controlfield tag="003">DLC</controlfield>
  <controlfield tag="005">20130928073808.0</controlfield>
  <controlfield tag="008">911030n| azannaabn          |a aaa     c</controlfield>
  <datafield tag="010" ind1=" " ind2=" ">
    <subfield code="a">no 91026096 </subfield>
  </datafield>
  <datafield tag="035" ind1=" " ind2=" ">
    <subfield code="a">(OCoLC)oca03051294</subfield>
  </datafield>
  <datafield tag="040" ind1=" " ind2=" ">
    <subfield code="a">OU</subfield>
    <subfield code="b">eng</subfield>
    <subfield code="e">rda</subfield>
    <subfield code="c">OU</subfield>
    <subfield code="d">DLC</subfield>
    <subfield code="d">OU</subfield>
  </datafield>
  <datafield tag="046" ind1=" " ind2=" ">
    <subfield code="f">1870</subfield>
  </datafield>
  <datafield tag="100" ind1="1" ind2=" ">
    <subfield code="a">Murphy, Mabel Ansley,</subfield>
    <subfield code="d">1870-</subfield>
  </datafield>
  <datafield tag="374" ind1=" " ind2=" ">
    <subfield code="a">Author</subfield>
  </datafield>
  <datafield tag="375" ind1=" " ind2=" ">
    <subfield code="a">female</subfield>
  </datafield>
  <datafield tag="377" ind1=" " ind2=" ">
    <subfield code="a">eng</subfield>
  </datafield>
  <datafield tag="400" ind1="1" ind2=" ">
    <subfield code="a">Ansley, Mabel,</subfield>
    <subfield code="d">1870-</subfield>
  </datafield>
  <datafield tag="400" ind1="1" ind2=" ">
    <subfield code="w">nnea</subfield>
    <subfield code="a">Murphy, Mabel Ansley,</subfield>
    <subfield code="d">b. 1870</subfield>
  </datafield>
  <datafield tag="500" ind1="1" ind2=" ">
    <subfield code="a">Lee, Anne S.,</subfield>
    <subfield code="d">1870-</subfield>
  </datafield>
  <datafield tag="670" ind1=" " ind2=" ">
    <subfield code="a">Her Timoleon, a friend of Paul, c1921:</subfield>
    <subfield code="b">t.p. (Mabel Ansley Murphy)</subfield>
  </datafield>
  <datafield tag="670" ind1=" " ind2=" ">
    <subfield code="a">LC in OCLC, 10-23-91</subfield>
    <subfield code="b">(hdg.: Murphy, Mabel (Ansley), 1870- )</subfield>
  </datafield>
  <datafield tag="670" ind1=" " ind2=" ">
    <subfield code="a">OCLC database, August 13, 2013</subfield>
    <subfield code="b">(access point: Murphy, Mabel Ansley, 1870- ; usage: Mabel, Ansley Murphy) (access point: Murphy, Mabel Ansley, 1870- ; usage: Anna S. Lee) (access point:  Murphy, Mabel Ansley, b. 1870; usage: Mabel Ansley Murphy) (access point: Murphy, Mabel Ansley, Mrs., 1870- ; usage: Mabel Ansley Murphy)</subfield>
  </datafield>
  <datafield tag="670" ind1=" " ind2=" ">
    <subfield code="a">NUC pre-1956</subfield>
    <subfield code="b">(x-ref.: Lee, Anne S., pseud. see Murphy, Mrs. Mabel (Ansley), 1870- )</subfield>
  </datafield>
</record>